@inproceedings{rt_phys,
 author = {M\"{u}ller, Matthias and Stam, Jos and James, Doug and Th\"{u}rey, Nils},
 title = {Real time physics: class notes},
 booktitle = {SIGGRAPH '08: ACM SIGGRAPH 2008 classes},
 year = {2008},
 pages = {21--35},
 location = {Los Angeles, California},
 doi = {http://doi.acm.org/10.1145/1401132.1401245},
 publisher = {ACM},
 address = {New York, NY, USA},
 }
 
 @article{halfface,
author = {Marcos Lage and Thomas Lewiner and H\'elio Lopes and Luiz Velho},
title = {CHF: A Scalable Topological Data Structure for Tetrahedral Meshes},
journal ={Computer Graphics and Image Processing, Brazilian Symposium on},
volume = {0},
issn = {1530-1834},
year = {2005},
pages = {349-356},
doi = {http://doi.ieeecomputersociety.org/10.1109/SIBGRAPI.2005.18},
publisher = {IEEE Computer Society},
address = {Los Alamitos, CA, USA},
}

@Misc{meshes,
author = {Matthias M\"uller-Fischer},
month = {11},
year = {2010},
note = {{h}ttp://www.matthiasmueller.info /demos/PhysicsDemo.zip},
}

@inproceedings{Botsch,
 author = {Botsch, Mario and Pauly, Mark and Kobbelt, Leif and Alliez, Pierre and L\'{e}vy, Bruno and Bischoff, Stephan and R\"ossl, Christian},
 title = {Geometric modeling based on polygonal meshes},
 booktitle = {ACM SIGGRAPH 2007 courses},
 series = {SIGGRAPH '07},
 year = {2007},
 location = {San Diego, California},
 articleno = {1},
 doi = {http://doi.acm.org/10.1145/1281500.1281640},
 acmid = {1281640},
 publisher = {ACM},
 address = {New York, NY, USA},
} 
@inproceedings{gpu,
 author = {Bolz, Jeff and Farmer, Ian and Grinspun, Eitan and Schr\"{o}oder, Peter},
 title = {Sparse matrix solvers on the GPU: conjugate gradients and multigrid},
 booktitle = {ACM SIGGRAPH 2003 Papers},
 series = {SIGGRAPH '03},
 year = {2003},
 isbn = {1-58113-709-5},
 location = {San Diego, California},
 pages = {917--924},
 numpages = {8},
 doi = {http://doi.acm.org/10.1145/1201775.882364},
 acmid = {882364},
 publisher = {ACM},
 address = {New York, NY, USA},
}
 
@book{matlab,
 author = {Kattan, Peter I.},
 title = {MATLAB Guide to Finite Elements: An Interactive Approach},
 year = {2007},
 isbn = {9783540706977},
 edition = {2nd},
 publisher = {Springer Publishing Company, Incorporated},
} 
@MastersThesis{hans,
author = {Hans Mannby},
title = {FEM-BASED SIMULATION OF SOFT-BODIES},
school = {Ume\aa University},
year = {2007},
}
@inproceedings{fracture,
  publisher = {ACM Press/Addison-Wesley Publishing Co.},
  doi = {http://doi.acm.org/10.1145/311535.311550},
  title = {Graphical Modeling and Animation of Brittle Fracture},
  booktitle = {Proceedings of ACM SIGGRAPH 1999},
  author = {James F. O'Brien and Jessica K. Hodgins},
  month = aug,
  year = 1999,
  pages = {137--146},
  url = {http://graphics.cs.berkeley.edu/papers/Obrien-GMA-1999-08/},
}

@inproceedings{muller_ivm,
 author = {M\"{u}ller, Matthias and Gross, Markus},
 title = {Interactive virtual materials},
 booktitle = {Proceedings of Graphics Interface 2004},
 series = {GI '04},
 year = {2004},
 isbn = {1-56881-227-2},
 location = {London, Ontario, Canada},
 pages = {239--246},
 numpages = {8},
 url = {http://portal.acm.org/citation.cfm?id=1006058.1006087},
 acmid = {1006087},
 publisher = {Canadian Human-Computer Communications Society},
 address = {School of Computer Science, University of Waterloo, Waterloo, Ontario, Canada},
 keywords = {elasticity, finite element method, fracture, large deformations, physically based animation, plasticity, stiffness warping},
} 

@book{fem_liu,
 author = {G. R. Liu and S. S. Quek},
 title = {The Finite Element Method: A Practical Course},
 year = {2003},
 isbn = {0750658665},
 edition = {1st},
 publisher = {Butterworth-Heinemann},
} 





