@inproceedings{rt_phys,
 author = {M\"{u}ller, Matthias and Stam, Jos and James, Doug and Th\"{u}rey, Nils},
 title = {Real time physics: class notes},
 booktitle = {SIGGRAPH '08: ACM SIGGRAPH 2008 classes},
 year = {2008},
 pages = {21--35},
 location = {Los Angeles, California},
 doi = {http://doi.acm.org/10.1145/1401132.1401245},
 publisher = {ACM},
 address = {New York, NY, USA},
 }
